% book
% Required fields: author or editor, title, publisher, year. 
% Optional fields: volume or number, series, address, edition, month, note.

% article
% Required fields: author, title, journal, year. 
% Optional fields: volume, number, pages, month, note.

% conference
% same as inproceedings
% Required fields: author, title, booktitle, year. 
% Optional fields: editor, volume or number, series, pages, address, month, organization, publisher, note

% website
% as misc
% Required fields: none. 
% Optional fields: author, title, howpublished, month, year, note.

% esportati direttamente da google scholar:
% articoli sulla stima di persone sui bus
@inproceedings{handte2014crowd,
  title={Crowd density estimation for public transport vehicles},
  author={Handte, Marcus and Iqbal, Muhammad Umer and Wagner, Stephan and Apolinarski, Wolfgang and Marr{\'o}n, Pedro Jos{\'e} and Navarro, Eva Maria Mu{\~n}oz and Martinez, Santiago and Barthelemy, Sara Izquierdo and Fern{\'a}ndez, Mario Gonz{\'a}lez},
  booktitle={EDBT/ICDT Workshops},
  pages={315--322},
  year={2014}
}

@article{handte2016internet,
  title={An internet-of-things enabled connected navigation system for urban bus riders},
  author={Handte, Marcus and Foell, Stefan and Wagner, Stephan and Kortuem, Gerd and Marr{\'o}n, Pedro Jos{\'e}},
  journal={IEEE Internet of Things Journal},
  volume={3},
  number={5},
  pages={735--744},
  year={2016},
  publisher={IEEE}
}

@inproceedings{kalikova2017people,
  title={People counting by means of {Wi-Fi}},
  author={Kalikova, Jana and Krcal, Jan},
  booktitle={2017 Smart City Symposium Prague (SCSP)},
  pages={1--3},
  year={2017},
  organization={IEEE}
}

@inproceedings{mehmood2019occupancy,
  title={Occupancy estimation using {WiFi}: A case study for counting passengers on busses},
  author={Mehmood, Ubaid and Moser, I and Jayaraman, Prem Prakash and Banerjee, Abhik},
  booktitle={2019 IEEE 5th World Forum on Internet of Things (WF-IoT)},
  pages={165--170},
  year={2019},
  organization={IEEE}
}

@inproceedings{mikkelsen2016public,
  title={Public transport occupancy estimation using {WLAN} probing},
  author={Mikkelsen, Lars and Buchakchiev, Radoslav and Madsen, Tatiana and Schwefel, Hans Peter},
  booktitle={2016 8th International Workshop on Resilient Networks Design and Modeling (RNDM)},
  pages={302--308},
  year={2016},
  organization={IEEE}
}

@inproceedings{mikkelsen2018sensing,
  title={Sensing quality and estimation of public transport occupancy during live operation},
  author={Mikkelsen, Lars and Schwefel, Hans-Peter and Madsen, Tatiana},
  booktitle={2018 IEEE 17th International Symposium on Network Computing and Applications (NCA)},
  pages={1--4},
  year={2018},
  organization={IEEE}
}

@inproceedings{myrvoll2017counting,
  title={Counting public transport passenger using {WiFi} signatures of mobile devices},
  author={Myrvoll, Tor A and H{\aa}keg{\aa}rd, Jan E and Matsui, Tomoko and Septier, Fran{\c{c}}ois},
  booktitle={2017 IEEE 20th International Conference on Intelligent Transportation Systems (ITSC)},
  pages={1--6},
  year={2017},
  organization={IEEE}
}

@inproceedings{nishide2019filter,
  title={Filter efficiency analysis for extracting mobile device signals to estimate bus passengers population},
  author={Nishide, Ryo},
  booktitle={Proceedings of the 7th IIAE International Conference on Intelligent Systems and Image Processing},
  year={2019}
}

@inproceedings{oransirikul2019practicability,
  title={The practicability of predicting the number of bus passengers by monitoring {Wi-Fi} signal from mobile devices with the polynomial regression},
  author={Oransirikul, Thongtat and Takada, Hideyuki},
  booktitle={Adjunct Proceedings of the 2019 ACM International Joint Conference on Pervasive and Ubiquitous Computing and Proceedings of the 2019 ACM International Symposium on Wearable Computers},
  pages={781--787},
  year={2019}
}

@inproceedings{pattanusorn2016passenger,
  title={Passenger estimation system using {Wi-Fi} probe request},
  author={Pattanusorn, Woramate and Nilkhamhang, Itthisek and Kittipiyakul, Somsak and Ekkachai, Kittipong and Takahashi, Atsushi},
  booktitle={2016 7th International Conference of Information and Communication Technology for Embedded Systems (IC-ICTES)},
  pages={67--72},
  year={2016},
  organization={IEEE}
}

% altri articoli visti da valutare
@article{song2017real,
  title={Real-time public transport service-level monitoring using passive {WiFi}: A spectral clustering approach for train timetable estimation},
  author={Song, Baoyang and Wynter, Laura},
  journal={arXiv preprint arXiv:1703.00759},
  year={2017}
}

@article{hidayat2018wifi,
  title={{WiFi} scanner technologies for obtaining travel data about circulator bus passengers: Case study in {Obuse}, {Nagano} {Prefecture}, {Japan}},
  author={Hidayat, Arief and Terabe, Shintaro and Yaginuma, Hideki},
  journal={Transportation Research Record},
  volume={2672},
  number={45},
  pages={45--54},
  year={2018},
  publisher={SAGE Publications Sage CA: Los Angeles, CA}
}

@inproceedings{reichl2018using,
  title={Using {WiFi} technologies to count passengers in real-time around rail infrastructure},
  author={Reichl, Paul and Oh, Beng and Ravitharan, Ravi and Stafford, Mark},
  booktitle={2018 International Conference on Intelligent Rail Transportation (ICIRT)},
  pages={1--5},
  year={2018},
  organization={IEEE}
}

@article{kusakabe2018estimation,
  title={Estimation of bus passengersâ€™ waiting time at a coach terminal with {Wi-Fi} {MAC} addresses},
  author={Kusakabe, Takahiko and Yaginuma, Hideki and Fukuda, Daisuke},
  journal={Transportation Research Procedia},
  volume={32},
  pages={62--68},
  year={2018},
  publisher={Elsevier}
}

% altre tecnologie per contare persone
@article{gupta2018device,
  title={Device-free crowd count estimation using passive {UHF} {RFID} technology},
  author={Gupta, Gaurangi and Bhope, Vaishnavi and Singh, Japneet and Harish, AR},
  journal={IEEE Journal of Radio Frequency Identification},
  volume={3},
  number={1},
  pages={3--13},
  year={2018},
  publisher={IEEE}
}

@inproceedings{schauer2014estimating,
  title={Estimating crowd densities and pedestrian flows using {Wi-Fi} and {Bluetooth}},
  author={Schauer, Lorenz and Werner, Martin and Marcus, Philipp},
  booktitle={Proceedings of the 11th International Conference on Mobile and Ubiquitous Systems: Computing, Networking and Services},
  pages={171--177},
  year={2014}
}

@article{kurkcu2017estimating,
  title={Estimating pedestrian densities, wait times, and flows with {Wi-Fi} and {Bluetooth} sensors},
  author={Kurkcu, Abdullah and Ozbay, Kaan},
  journal={Transportation Research Record},
  volume={2644},
  number={1},
  pages={72--82},
  year={2017},
  publisher={SAGE Publications Sage CA: Los Angeles, CA}
}

@inproceedings{di2017lte,
  title={{LTE}-based passive device-free crowd density estimation},
  author={Di Domenico, Simone and De Sanctis, Mauro and Cianca, Ernestina and Colucci, Paolo and Bianchi, Giuseppe},
  booktitle={2017 IEEE International Conference on Communications (ICC)},
  pages={1--6},
  year={2017},
  organization={IEEE}
}

@inproceedings{bai2017lessons,
  title={Lessons learned using {Wi-Fi} and {Bluetooth} as means to monitor public service usage},
  author={Bai, Lu and Ireson, Neil and Mazumdar, Suvodeep and Ciravegna, Fabio},
  booktitle={Proceedings of the 2017 ACM International Joint Conference on Pervasive and Ubiquitous Computing and Proceedings of the 2017 ACM International Symposium on Wearable Computers},
  pages={432--440},
  year={2017}
}

@inproceedings{shibata2019people,
  title={People crowd density estimation system using deep learning for radio wave sensing of cellular communication},
  author={Shibata, Kyosuke and Yamamoto, Hiroshi},
  booktitle={2019 International Conference on Artificial Intelligence in Information and Communication (ICAIIC)},
  pages={143--148},
  year={2019},
  organization={IEEE}
}

@inproceedings{bernini2014embedded,
  title={An embedded system for counting passengers in public transportation vehicles},
  author={Bernini, Nicola and Bombini, Luca and Buzzoni, Michele and Cerri, Pietro and Grisleri, Paolo},
  booktitle={2014 IEEE/ASME 10th International Conference on Mechatronic and Embedded Systems and Applications (MESA)},
  pages={1--6},
  year={2014},
  organization={IEEE}
}

@inproceedings{jia2015application,
  title={The application of wireless communication technology in bus overcrowding monitoring},
  author={Jia, Yuchen and Zhang, Ju},
  booktitle={6th International Conference on Wireless, Mobile and Multi-Media (ICWMMN)},
  pages={11--16},
  year={2015},
  publisher={IET}
}

@article{choi2017people,
  title={People counting based on an {IR-UWB} radar sensor},
  author={Choi, Jeong Woo and Yim, Dae Hyeon and Cho, Sung Ho},
  journal={IEEE Sensors Journal},
  volume={17},
  number={17},
  pages={5717--5727},
  year={2017},
  publisher={IEEE}
}

@article{zhang2019deep,
  title={Deep convolution network for dense crowd counting},
  author={Zhang, Wei and Wang, Yongjie and Liu, Yanyan and Zhu, Jianghua},
  journal={IET Image Processing},
  year={2019},
  publisher={IET}
}

@article{pinna2010automatic,
  title={Automatic passenger counting and vehicle load monitoring},
  author={Pinna, Ivano and Dalla Chiara, Bruno and Deflorio, F},
  journal={Ingegneria Ferroviaria},
  volume={65},
  number={2},
  pages={101--138},
  year={2010}
}

@inproceedings{brockmann2018cutiqueue,
  title={{CutiQueue}: People counting in waiting lines using {Bluetooth Low Energy} based passive presence detection},
  author={Brockmann, Falk and Handte, Marcus and Marr{\'o}n, Pedro Jos{\'e}},
  booktitle={2018 14th International Conference on Intelligent Environments (IE)},
  pages={1--8},
  year={2018},
  organization={IEEE}
}

@article{liu2019estimating,
  title={Estimating people flows to better count them in crowded scenes},
  author={Liu, Weizhe and Salzmann, Mathieu and Fua, Pascal},
  journal={arXiv preprint arXiv:1911.10782},
  year={2019}
}

@article{sam2019locate,
  title={Locate, size and count: Accurately resolving people in dense crowds via detection},
  author={Sam, Deepak Babu and Peri, Skand Vishwanath and Kamath, Amogh and Babu, R Venkatesh and others},
  journal={arXiv preprint arXiv:1906.07538},
  year={2019}
}

@article{stahl2018divide,
  title={Divide and count: Generic object counting by image divisions},
  author={Stahl, Tobias and Pintea, Silvia L and van Gemert, Jan C},
  journal={IEEE Transactions on Image Processing},
  volume={28},
  number={2},
  pages={1035--1044},
  year={2018},
  publisher={IEEE}
}

@article{zhang2018auxiliary,
  title={Auxiliary learning for crowd counting via count-net},
  author={Zhang, Youmei and Chang, Faliang and Wang, Mengdi and Zhang, Fulei and Han, Chao},
  journal={Neurocomputing},
  volume={273},
  pages={190--198},
  year={2018},
  publisher={Elsevier}
}

@inproceedings{kannan2012low,
  title={Low cost crowd counting using audio tones},
  author={Kannan, Pravein Govindan and Venkatagiri, Seshadri Padmanabha and Chan, Mun Choon and Ananda, Akhihebbal L and Peh, Li-Shiuan},
  booktitle={Proceedings of the 10th ACM Conference on Embedded Network Sensor Systems},
  pages={155--168},
  year={2012}
}

@inproceedings{valle2016abroa,
  title={{ABROA}: Audio-based room-occupancy analysis using {Gaussian} mixtures and hidden {Markov} models},
  author={Valle, Rafael},
  booktitle={2016 Future Technologies Conference (FTC)},
  pages={1270--1273},
  year={2016},
  organization={IEEE}
}

@inproceedings{orr2000smart,
  title={The smart floor: A mechanism for natural user identification and tracking},
  author={Orr, Robert J and Abowd, Gregory D},
  booktitle={CHI'00 extended abstracts on Human factors in computing systems},
  pages={275--276},
  year={2000}
}

% crowd analysis
@article{singh2020crowd,
  title={Crowd forecasting based on {WiFi} sensors and {LSTM} neural networks},
  author={Singh, Utkarsh and Determe, Jean-Fran{\c{c}}ois and Horlin, Fran{\c{c}}ois and De Doncker, Philippe},
  journal={IEEE Transactions on Instrumentation and Measurement},
  year={2020},
  publisher={IEEE}
}

@article{basalamah2016crowd,
  title={Crowd mobility analysis using {WiFi} sniffers},
  author={Basalamah, Anas},
  journal={IJACSA) International Journal of Advanced Computer Science and Applications},
  volume={7},
  number={12},
  pages={374--378},
  year={2016}
}

@inproceedings{potorti2016wi,
  title={{Wi-Fi} probes as digital crumbs for crowd localisation},
  author={Potort{\`\i}, Francesco and Crivello, Antonino and Girolami, Michele and Traficante, Emilia and Barsocchi, Paolo},
  booktitle={2016 International Conference on Indoor Positioning and Indoor Navigation (IPIN)},
  pages={1--8},
  year={2016},
  organization={IEEE}
}

@article{potorti2018localising,
  title={Localising crowds through {Wi-Fi} probes},
  author={Potort{\`\i}, Francesco and Crivello, Antonino and Girolami, Michele and Barsocchi, Paolo and Traficante, Emilia},
  journal={Ad Hoc Networks},
  volume={75},
  pages={87--97},
  year={2018},
  publisher={Elsevier}
}

@inproceedings{uras2019pma,
  title={{PmA}: A solution for people mobility monitoring and analysis based on {WiFi} probes},
  author={Uras, Marco and Cossu, Raimondo and Atzori, Luigi},
  booktitle={2019 4th International Conference on Smart and Sustainable Technologies (SpliTech)},
  pages={1--6},
  year={2019},
  organization={IEEE}
}

@inproceedings{barbera2013signals,
  title={Signals from the crowd: Uncovering social relationships through smartphone probes},
  author={Barbera, Marco V and Epasto, Alessandro and Mei, Alessandro and Perta, Vasile C and Stefa, Julinda},
  booktitle={Proceedings of the 2013 Conference on Internet Measurement Conference},
  pages={265--276},
  year={2013}
}

@article{zhou2020understanding,
  title={Understanding crowd behaviors in a social event by passive {WiFi} sensing and data mining},
  author={Zhou, Yuren and Lau, Billy Pik Lik and Koh, Zann and Yuen, Chau and Ng, Benny Kai Kiat},
  journal={IEEE Internet of Things Journal},
  year={2020},
  publisher={IEEE}
}

@article{huang2019pedestrian,
  title={Pedestrian flow estimation through passive {WiFi} sensing},
  author={Huang, Baoqi and Mao, Guoqiang and Qin, Yong and Wei, Yun},
  journal={IEEE Transactions on Mobile Computing},
  year={2019},
  publisher={IEEE}
}

@article{kulshrestha2019real,
  title={Real-time crowd monitoring using seamless indoor-outdoor localization},
  author={Kulshrestha, Tarun and Saxena, Divya and Niyogi, Rajdeep and Cao, Jiannong},
  journal={IEEE Transactions on Mobile Computing},
  year={2019},
  publisher={IEEE}
}

@article{li2018experimental,
  title={An experimental study for tracking crowd in smart cities},
  author={Li, Kai and Yuen, Chau and Kanhere, Salil S and Hu, Kun and Zhang, Wei and Jiang, Fan and Liu, Xiang},
  journal={IEEE Systems Journal},
  volume={13},
  number={3},
  pages={2966--2977},
  year={2018},
  publisher={IEEE}
}

@inproceedings{di2016trained,
  title={Trained-once device-free crowd counting and occupancy estimation using {WiFi}: A {Doppler} spectrum based approach},
  author={Di Domenico, Simone and Pecoraro, Giovanni and Cianca, Ernestina and De Sanctis, Mauro},
  booktitle={2016 IEEE 12th International Conference on Wireless and Mobile Computing, Networking and Communications (WiMob)},
  pages={1--8},
  year={2016},
  organization={IEEE}
}

@article{yaik2016measuring,
  title={Measuring the accuracy of crowd counting using {Wi-Fi} probe-request-frame counting technique},
  author={Yaik, Ooi Boon and Wai, Kong Zan and Tan, Ian KT and Sheng, Ooi Boon},
  journal={Journal of Telecommunication, Electronic and Computer Engineering (JTEC)},
  volume={8},
  number={2},
  pages={79--81},
  year={2016}
}

@article{tang2018indoor,
  title={Indoor crowd density estimation through mobile smartphone {Wi-Fi} probes},
  author={Tang, Xiaoyong and Xiao, Bin and Li, Kenli},
  journal={IEEE Transactions on Systems, Man, and Cybernetics: Systems},
  year={2018},
  publisher={IEEE}
}

@inproceedings{yoshida2015estimating,
  title={Estimating the number of people using existing {WiFi} access point in indoor environment},
  author={Yoshida, Takuya and Taniguchi, Yoshiaki},
  booktitle={Proceedings of the 6th European Conference of Computer Science (ECCS'15)},
  pages={46--53},
  year={2015}
}

@inproceedings{vattapparamban2016indoor,
  title={Indoor occupancy tracking in smart buildings using passive sniffing of probe requests},
  author={Vattapparamban, Edwin and {\c{C}}iftler, Bekir Sait and G{\"u}ven{\c{c}}, Ismail and Akkaya, Kemal and Kadri, Abdullah},
  booktitle={2016 IEEE International Conference on Communications Workshops (ICC)},
  pages={38--44},
  year={2016},
  organization={IEEE}
}

@article{wang2019inferring,
  title={Inferring occupant counts from {Wi-Fi} data in buildings through machine learning},
  author={Wang, Zhe and Hong, Tianzhen and Piette, Mary Ann and Pritoni, Marco},
  journal={Building and Environment},
  volume={158},
  pages={281--294},
  year={2019},
  publisher={Elsevier}
}

@article{oliveira2019mobile,
  title={Mobile device detection through {WiFi} probe request analysis},
  author={Oliveira, Luiz and Schneider, Daniel and De Souza, Jano and Shen, Weiming},
  journal={IEEE Access},
  volume={7},
  pages={98579--98588},
  year={2019},
  publisher={IEEE}
}

@inproceedings{groba2019demonstrations,
  title={Demonstrations and people-counting based on {WiFi} probe requests},
  author={Groba, Christin},
  booktitle={2019 IEEE 5th World Forum on Internet of Things (WF-IoT)},
  pages={596--600},
  year={2019},
  organization={IEEE}
}

@inproceedings{oliveira2018sherlock,
  title={Sherlock: Capturing probe requests for automatic presence detection},
  author={Oliveira, Luiz and Henrique, Jo{\~a}o and Schneider, Daniel and de Souza, Jano and Rodriques, S{\'e}rgio and Sherr, Weiming},
  booktitle={2018 IEEE 22nd International Conference on Computer Supported Cooperative Work in Design ((CSCWD))},
  pages={848--853},
  year={2018},
  organization={IEEE}
}

@inproceedings{acuna2017localization,
  title={Localization of {WiFi} devices using probe requests captured at unmanned aerial vehicles},
  author={Acuna, V and Kumbhar, Abhaykumar and Vattapparamban, Edwin and Rajabli, F and Guvenc, I},
  booktitle={2017 IEEE Wireless Communications and Networking Conference (WCNC)},
  pages={1--6},
  year={2017},
  organization={IEEE}
}

@article{ciftler2017occupancy,
  title={Occupancy counting with burst and intermittent signals in smart buildings},
  author={Ciftler, Bekir Sait and Dikmese, Sener and G{\"u}ven{\c{c}}, Ismail and Akkaya, Kemal and Kadri, Abdullah},
  journal={IEEE Internet of Things Journal},
  volume={5},
  number={2},
  pages={724--735},
  year={2017},
  publisher={IEEE}
}

@inproceedings{nunes2017beanstalk,
  title={Beanstalk: A community based passive {Wi-Fi} tracking system for analysing tourism dynamics},
  author={Nunes, Nuno and Ribeiro, Miguel and Prandi, Catia and Nisi, Valentina},
  booktitle={Proceedings of the ACM SIGCHI Symposium on Engineering Interactive Computing Systems},
  pages={93--98},
  year={2017}
}

@article{redondi2018building,
  title={Building up knowledge through passive {WiFi} probes},
  author={Redondi, Alessandro EC and Cesana, Matteo},
  journal={Computer Communications},
  volume={117},
  pages={1--12},
  year={2018},
  publisher={Elsevier}
}

@article{shen2018snow,
  title={{SNOW}: Detecting shopping groups using {WiFi}},
  author={Shen, Jiaxing and Cao, Jiannong and Liu, Xuefeng and Tang, Shaojie},
  journal={IEEE Internet of Things Journal},
  volume={5},
  number={5},
  pages={3908--3917},
  year={2018},
  publisher={IEEE}
}

@inproceedings{cunche2012know,
  title={I know who you will meet this evening! {Linking} wireless devices using {Wi-Fi} probe requests},
  author={Cunche, Mathieu and Kaafar, Mohamed Ali and Boreli, Roksana},
  booktitle={2012 IEEE International Symposium on a World of Wireless, Mobile and Multimedia Networks (WoWMoM)},
  pages={1--9},
  year={2012},
  organization={IEEE}
}

@inproceedings{di2016mind,
  title={Mind your probes: De-anonymization of large crowds through smartphone {WiFi} probe requests},
  author={Di Luzio, Adriano and Mei, Alessandro and Stefa, Julinda},
  booktitle={IEEE INFOCOM 2016-The 35th Annual IEEE International Conference on Computer Communications},
  pages={1--9},
  year={2016},
  organization={IEEE}
}

@article{fuxjaeger2016towards,
  title={Towards privacy-preserving {Wi-Fi} monitoring for road traffic analysis},
  author={Fuxjaeger, Paul and Ruehrup, Stefan and Paulin, Thomas and Rainer, Bernd},
  journal={IEEE Intelligent Transportation Systems Magazine},
  volume={8},
  number={3},
  pages={63--74},
  year={2016},
  publisher={IEEE}
}

@inproceedings{scheuner2016probr,
  title={Probr - a generic and passive {WiFi} tracking system},
  author={Scheuner, Joel and Mazlami, Genc and Sch{\"o}ni, Dominik and Stephan, Sebastian and De Carli, Alessandro and Bocek, Thomas and Stiller, Burkhard},
  booktitle={2016 IEEE 41st Conference on Local Computer Networks (LCN)},
  pages={495--502},
  year={2016},
  organization={IEEE}
}

@inproceedings{guillen2018wifi,
  title={A {WiFi}-based method to count and locate pedestrians in urban traffic scenarios},
  author={Guill{\'e}n-P{\'e}rez, Antonio and Ba{\~n}os, Mar{\'\i}a Dolores Cano},
  booktitle={2018 14th International Conference on Wireless and Mobile Computing, Networking and Communications (WiMob)},
  pages={123--130},
  year={2018},
  organization={IEEE}
}

@inproceedings{prasertsung2017does,
  title={How does coffee shop get crowded? Using {WiFi} footprints to deliver insights into the success of promotion},
  author={Prasertsung, Pichaya and Horanont, Teerayut},
  booktitle={Proceedings of the 2017 ACM International Joint Conference on Pervasive and Ubiquitous Computing and Proceedings of the 2017 ACM International Symposium on Wearable Computers},
  pages={421--426},
  year={2017}
}
